<?xml version="1.0" encoding="UTF-8"?><collection><record><leader>08645ntm a2200817 a 4500</leader><controlfield tag="001">010740758</controlfield><controlfield tag="003">MiAaHDL</controlfield><controlfield tag="005">20190719000000.0</controlfield><controlfield tag="006">m        d        </controlfield><controlfield tag="007">cr bn ---auaua</controlfield><controlfield tag="008">110909q17811799tu            00| ||ota d</controlfield><datafield tag="035" ind1=" " ind2=" "><subfield code="a">(MiU)010740758</subfield></datafield><datafield tag="035" ind1=" " ind2=" "><subfield code="a">sdr-miu010740758</subfield></datafield><datafield tag="040" ind1=" " ind2=" "><subfield code="a">MiU</subfield><subfield code="c">MiU</subfield><subfield code="e">amremm</subfield></datafield><datafield tag="041" ind1="0" ind2=" "><subfield code="a">ota</subfield></datafield><datafield tag="043" ind1=" " ind2=" "><subfield code="a">n-us-mi</subfield><subfield code="a">e-gx---</subfield><subfield code="a">a-tu---</subfield></datafield><datafield tag="100" ind1="0" ind2=" "><subfield code="6">880-01</subfield><subfield code="a">Ahmet Resmî Efendi,</subfield><subfield code="c">Giridî,</subfield><subfield code="d">1700-1783.</subfield></datafield><datafield tag="245" ind1="1" ind2="0"><subfield code="6">880-03</subfield><subfield code="a">Ahmet Resmî Efendinin dört kıta-yi kitabını havi mecmuadır,</subfield><subfield code="f">[late 18th century].</subfield></datafield><datafield tag="260" ind1=" " ind2=" "><subfield code="c">[1781-1799].</subfield></datafield><datafield tag="300" ind1=" " ind2=" "><subfield code="a">79 leaves :</subfield><subfield code="b">paper ;</subfield><subfield code="c">182 x 115 (147 x 72) mm. bound to 182 x 118 mm.</subfield></datafield><datafield tag="500" ind1=" " ind2=" "><subfield code="a">Shelfmark: Ann Arbor, University of Michigan, Special Collections Library, Isl. Ms. 1046</subfield></datafield><datafield tag="500" ind1=" " ind2=" "><subfield code="a">Origin: Lacks dated scribal colophon ; hand, dates of composition, and especially paper would suggest the last two decades of the 18th century. Date of 1296 [1879] at the close of Hulâsatü'l-itibar on fol.69 is possibly a corruption of 1195 [1781], the date of composition of this work ; it appears to have been entered by the rubricator who supplied many of the textual dividers and some overlining.</subfield></datafield><datafield tag="500" ind1=" " ind2=" "><subfield code="a">Accompanying materials: Slip with inscription in black ink between fol.11 and fol.12.</subfield></datafield><datafield tag="500" ind1=" " ind2=" "><subfield code="a">Former shelfmark: On front flyleaf, from Bouwman Books "msturk194".</subfield></datafield><datafield tag="500" ind1=" " ind2=" "><subfield code="a">Binding: Pasteboards (thin) covered in dark red brown leather ; Type III binding (without flap) ; doublures (board linings) in fine marbled paper (ebru) in grey, light blue, light brown and black ; upper and lower covers carry a ruled rectangular central panel and gold-tooled borders in a series of s-shaped stamps ; sewn in red thread, two stations ; worked chevron endbands in red and yellow, tailband damaged ; overall in fairly goold condition with minor abrasion, etc.</subfield></datafield><datafield tag="500" ind1=" " ind2=" "><subfield code="a">Support: European laid paper with 10 laid lines (horiztonal) per cm., chain lines (vertical) spaced 26 mm. apart, and watermark of scrollwork with horn in shield, crown above, trefoil and "D&amp; C Blauw" below (mark of the Dutch papermaking firm of Dirk &amp; Cornelius Blauw, see Voorn pp. 543-4 ; 558-9, roughly 115 x 115 mm. including name of firm, compare Gravell Nos. TJ 163, TJ 162, TJ 137, TJ 709, TJ 351 / SLD.349.2, SLD.349.1, SLD.345.1, SLD.400.1, SLD.378.1 dated 1783-1793).</subfield></datafield><datafield tag="500" ind1=" " ind2=" "><subfield code="a">Decoration: Keywords and many notabilia rubricated ; written area surrounded by red rule-borders ; overlining in red ; textual dividers in the form of inverted commas in red.</subfield></datafield><datafield tag="500" ind1=" " ind2=" "><subfield code="a">Script: Naskh ; fine, very neatly formed Ottoman hand, in a medium line ; partially but irregularly seriffed with right-sloping head-serif on occasional lām, slight effect of tilt to the left, curvilinear descenders, many open counters, pointing mainly in strokes or conjoined dots, partially vocalized.</subfield></datafield><datafield tag="500" ind1=" " ind2=" "><subfield code="a">Layout: Written in 21 lines per page ; frame-ruled.</subfield></datafield><datafield tag="500" ind1=" " ind2=" "><subfield code="a">Collation: IV+1 (9), V+1 (20), V (30), V+1 (41), V+1 (52), V (62), V+1 (73), III (79) ; final five leaves left blank ; catchwords present ; foliation in pencil, Western numerals (supplied by book seller).</subfield></datafield><datafield tag="500" ind1=" " ind2=" "><subfield code="a">Incipit: [Sefaretname] "حمد موفور وسپاس نامحصور مالك ملكوت آسمان زمين اولان خدواند جهان آفرينه سزادركه ارسال رسل ورسائل ضمننده تبيين ملل واديان ... اما بعد تقرير كمترين بندكان ديوان سامى الحاج احمد رسمى بودركه بلاد شماليۀ غربيه دن جرمانيا او آلمانيا مملكتى داخلنده في الاصل سقصونه ايالتندن معدود اولان برآنده برق سنجاغنه القطورلق نشانى ..." ; [Hulâsatü'l-itibar] "ايفاى حمد وثناى خداوند علام واجراى وضيفۀ صلوة وسلام ختامندنصكره معروض انديۀ بهيۀ كرام بودركه فاتحۀ معمورۀ عالم ..." ; [Kıta-yi Halifetü'r-rüesa] "اشبو مقالۀ مشكين كلاله بيان وفيات ... محصوره اولميوب على العموم كتاب معارف انتسابه مسرح عيون اعتبار ومنهاج رفتار وانحدار اولمق ملاحظه سيله اواخر ملوك بني اميه واوائل دولت عباسيه ده رئيس الكتاب وفن كتابت وانشاده مقتداى شيخ وشاب اولان عبد الحميد بن سعيدك شرذمۀ [؟] كتابه دستور شمائل وشعار ... بلاغت علامه سى بطريق الترجمه بو محله ذيل وخاتمه قلنمشدر وهى هذه صناعت كتابت ومنقبت فصاحت وخطابتله موصوف اولان ..."</subfield></datafield><datafield tag="500" ind1=" " ind2=" "><subfield code="a">Title from inscription on front flyleaf.</subfield></datafield><datafield tag="500" ind1=" " ind2=" "><subfield code="a">Ms. codex.</subfield></datafield><datafield tag="505" ind1="0" ind2=" "><subfield code="a">5. fol.69b-fol.74b : [Kıta-yi Halifetü'r-rüesa] / Ahmet Resmî Efendi.</subfield></datafield><datafield tag="505" ind1="0" ind2=" "><subfield code="a">4. fol.28b-fol.69a : [Hulâsatü'l-itibar] / Ahmet Resmî Efendi.</subfield></datafield><datafield tag="505" ind1="0" ind2=" "><subfield code="a">3. fol.27b-fol.28a : [blank].</subfield></datafield><datafield tag="505" ind1="0" ind2=" "><subfield code="a">2. fol.22b-fol.27a : [Layiha] / Ahmet Resmî Efendi.</subfield></datafield><datafield tag="505" ind1="0" ind2=" "><subfield code="a">1. fol.1b-fol.22a : [Sefaretname-yi Ahmet Resmî] / Ahmet Resmî Efendi.</subfield></datafield><datafield tag="510" ind1="4" ind2=" "><subfield code="a">Voorn, Henk. De papiermolens in de provincie Noord-Holland. Haarlem: Papierwereld, 1960,</subfield><subfield code="c">pp. 543-4 ; 558-9</subfield></datafield><datafield tag="510" ind1="4" ind2=" "><subfield code="a">Ahmet Resmî Efendi. Hulâsatü'l-iʻtibâr: 1768-1774 Osmanlı-Rus Harbi Tarihçesi. Ed. Osman Köksal. Ankara: Gazi Kitabev, 2011.</subfield></datafield><datafield tag="510" ind1="4" ind2=" "><subfield code="a">Ahmet Resmî Efendi. Hulâsatü'l-iʻtibâr A summary of admonitions : a chronicle of the 1768-1774 Russian-Ottoman War. Translation and transcription, Ethan Menchinger. Istanbul: Isis, 2011.</subfield></datafield><datafield tag="510" ind1="4" ind2=" "><subfield code="a">Virginia H. Aksan, An Ottoman statesman in war and peace. Ahmed Resmi Efendi, 1700–1783 (Leiden 1995).</subfield></datafield><datafield tag="510" ind1="4" ind2=" "><subfield code="a">Aksan, Virginia. (March 2006). "AHMED b. İBRAHİM Resmi, Giridi," In Historians of the Ottoman Empire, eds. C. Kafadar, H. Karateke, C. Fleischer,</subfield><subfield code="c">http://www.ottomanhistorians.com/database/html/resmi_en.html ; (accessed 9 September 2011).</subfield></datafield><datafield tag="520" ind1="8" ind2=" "><subfield code="a">Fine collection (mecmua) of works by Ahmet Resmî Efendi, opening with his Sefaretname, an account of his embassy to Berlin in 1177-78/1763-64, followed by the Layiha he presented to Muhsinzade Mehmed Paşa (d.1188/1774) as the Ottomans undertook negotiations with the Russians to end the Russo-Ottoman War (1768-74), next his critical and satirical history of that war Hulâsatü'l-itibar, and closing with an excerpt from Halifetü'r-rüesa (see pp.73-81 of the 1853 Istanbul edition), his biographical work on Ottoman chief scribes, addressing the scribal arts as modeled in the work of the first great scribe of Islam, ʻAbd al-Ḥamīd ibn Yaḥyá ibn Saʻīd al-Kātib (d.750).</subfield></datafield><datafield tag="538" ind1=" " ind2=" "><subfield code="a">Mode of access: Internet.</subfield></datafield><datafield tag="541" ind1=" " ind2=" "><subfield code="c">Purchase ;</subfield><subfield code="a">Bouwman Books,</subfield><subfield code="d">Received: 08/19/2011.</subfield></datafield><datafield tag="546" ind1=" " ind2=" "><subfield code="a">Ottoman Turkish.</subfield></datafield><datafield tag="561" ind1=" " ind2=" "><subfield code="a">UM Library inscription on back flyleaf "Spec | ISL MS | 500456217 | Bouwman | 08/19/2011" ; marginal corrections and notabilia (sideheads), many rubricated.</subfield></datafield><datafield tag="600" ind1="1" ind2="0"><subfield code="a">Kātib, ʻAbd al-Ḥamīd ibn Yaḥyá,</subfield><subfield code="d">-749 or 750.</subfield></datafield><datafield tag="600" ind1="0" ind2="0"><subfield code="a">Ahmet Resmî Efendi,</subfield><subfield code="c">Giridî,</subfield><subfield code="d">1700-1783</subfield><subfield code="x">Travel.</subfield></datafield><datafield tag="630" ind1="0" ind2="0"><subfield code="a">Kuchuk Kainarji, Treaty of, 1774</subfield><subfield code="v">Early works to 1800.</subfield></datafield><datafield tag="650" ind1=" " ind2="0"><subfield code="a">Manuscripts, Turkish</subfield><subfield code="z">Michigan</subfield><subfield code="z">Ann Arbor.</subfield></datafield><datafield tag="650" ind1=" " ind2="0"><subfield code="a">Scribes</subfield><subfield code="z">Turkey</subfield><subfield code="y">Ottoman Empire, 1288-1918</subfield><subfield code="v">Early works to 1800.</subfield></datafield><datafield tag="650" ind1=" " ind2="0"><subfield code="a">Statesmen</subfield><subfield code="z">Turkey</subfield><subfield code="y">Ottoman Empire, 1288-1918</subfield><subfield code="v">Early works to 1800.</subfield></datafield><datafield tag="650" ind1=" " ind2="0"><subfield code="a">Russo-Turkish War, 1768-1774</subfield><subfield code="v">Sources</subfield><subfield code="v">Early works to 1800.</subfield></datafield><datafield tag="651" ind1=" " ind2="0"><subfield code="a">Turkey</subfield><subfield code="x">Foreign relations</subfield><subfield code="z">Germany</subfield><subfield code="z">Prussia</subfield><subfield code="v">Early works to 1800.</subfield></datafield><datafield tag="651" ind1=" " ind2="0"><subfield code="a">Prussia (Germany)</subfield><subfield code="x">Foreign relations</subfield><subfield code="z">Turkey</subfield><subfield code="v">Early works to 1800.</subfield></datafield><datafield tag="651" ind1=" " ind2="0"><subfield code="a">Prussia (Germany)</subfield><subfield code="x">Description and travel</subfield><subfield code="v">Early works to 1800.</subfield></datafield><datafield tag="740" ind1="0" ind2="2"><subfield code="6">880-09</subfield><subfield code="a">Kıta-yi Sefinetü'r-rüesa</subfield></datafield><datafield tag="740" ind1="0" ind2="2"><subfield code="6">880-08</subfield><subfield code="a">Kıta-yi Halifetü'r-rüesa</subfield></datafield><datafield tag="740" ind1="0" ind2="2"><subfield code="6">880-07</subfield><subfield code="a">خلاصة الاعتبار</subfield></datafield><datafield tag="740" ind1="0" ind2="2"><subfield code="6">880-07</subfield><subfield code="a">Hulâsatü'l-itibar</subfield></datafield><datafield tag="740" ind1="0" ind2="2"><subfield code="6">880-06</subfield><subfield code="a">Layiha</subfield></datafield><datafield tag="740" ind1="0" ind2="2"><subfield code="6">880-05</subfield><subfield code="a">Sefaretname-yi Ahmet Resmî</subfield></datafield><datafield tag="880" ind1="0" ind2="2"><subfield code="6">740-09/</subfield><subfield code="a">قطعۀ سفينة الرؤسا</subfield></datafield><datafield tag="880" ind1="0" ind2="2"><subfield code="6">740-08/</subfield><subfield code="a">قطعۀ خليفة الرؤسا</subfield></datafield><datafield tag="880" ind1="0" ind2="2"><subfield code="6">740-07/</subfield><subfield code="a">Hulâsat ül-itibar</subfield></datafield><datafield tag="880" ind1="0" ind2="2"><subfield code="6">740-06/</subfield><subfield code="a">لايحه</subfield></datafield><datafield tag="880" ind1="0" ind2="2"><subfield code="6">740-05/</subfield><subfield code="a">سفارتنامۀ احمد رسمى</subfield></datafield><datafield tag="880" ind1="1" ind2="0"><subfield code="6">245-03/</subfield><subfield code="a">احمد رسمى افندينك درت قطعه كتابنى حاوى مجموعه در,</subfield><subfield code="f">[اواخر القرن 18م].</subfield></datafield><datafield tag="880" ind1="0" ind2=" "><subfield code="6">100-01/</subfield><subfield code="a">احمد رسمى افندى،</subfield><subfield code="c">كريدي.</subfield></datafield><datafield tag="CID" ind1=" " ind2=" "><subfield code="a">010740758</subfield></datafield><datafield tag="DAT" ind1="0" ind2=" "><subfield code="a">20190719102642.0</subfield><subfield code="b">20190719000000.0</subfield></datafield><datafield tag="DAT" ind1="1" ind2=" "><subfield code="a">20190719090653.0</subfield><subfield code="b">2019-07-19T16:12:33Z</subfield></datafield><datafield tag="DAT" ind1="2" ind2=" "><subfield code="a">2015-10-10T18:00:06Z</subfield></datafield><datafield tag="CAT" ind1=" " ind2=" "><subfield code="a">SDR-MIU</subfield><subfield code="d">EX LIBRIS - ALEPH</subfield><subfield code="l">prepare.pl-004-008</subfield></datafield><datafield tag="FMT" ind1=" " ind2=" "><subfield code="a">BK</subfield></datafield><datafield tag="HOL" ind1=" " ind2=" "><subfield code="0">sdr-miu010740758</subfield><subfield code="a">MiU</subfield><subfield code="b">SDR</subfield><subfield code="c">MIU</subfield><subfield code="p">mdp.39015079132745</subfield><subfield code="s">MIU</subfield><subfield code="1">010740758</subfield></datafield><datafield tag="974" ind1=" " ind2=" "><subfield code="b">MIU</subfield><subfield code="c">MIU</subfield><subfield code="d">20190719</subfield><subfield code="s">lit-dlps-dc</subfield><subfield code="u">mdp.39015079132745</subfield><subfield code="y">1799</subfield><subfield code="r">pd</subfield><subfield code="q">bib</subfield><subfield code="t">non-US bib date2 &lt; 1879</subfield></datafield></record></collection>